@misc{ jquery:oficial,
       author = "JQuery",
       title = "JQuery --- Official page",
       year = "2006",
       url = "https://jquery.com/"
}

@misc{ wiki:jquery,
       author = "Wikipedia",
       title = "JQuery --- Wikipedia{,} La enciclopedia libre",
       year = "2007",
       url = "https://es.wikipedia.org/wiki/JQuery"
}

@misc{ fontAwesome:original,
       author = "FontAwesome",
       title = "FontAwesome --- Official page",
       year = "2012",
       url = "https://fontawesome.com/"
}

@misc{ microsoft:Core,
       author = "Microsoft",
       title = "ASP.NET Core --- Introduction",
       year = "2022",
       url = "https://learn.microsoft.com/es-es/aspnet/core/introduction-to-aspnet-core?view=aspnetcore-6.0"
}

@misc{ microsoft:EntityFramework,
       author = "Microsoft",
       title = "EntityFramework --- Introduction",
       year = "2018",
       url = "https://learn.microsoft.com/es-es/dotnet/framework/data/adonet/ef/overview"
}

@misc{ rotativa:original,
       author = "Rotativa",
       title = "RotativaPDF --- Official page",
       year = "2013",
       url = "https://rotativa.io/"
}

@misc{ serilog:original,
       author = "Serilog",
       title = "Serilog --- Official page",
       year = "2016",
       url = "https://serilog.net/"
}

@misc{ CVMaker:original,
       author = "CV Maker",
       title = "CV Maker --- Official page",
       year = "2010",
       url = "https://www.cvmaker.es/"
}

@misc{ CVNEditor:original,
       author = "FECYT",
       title = "CVN Editor de FECYT",
       url = "https://cvn.fecyt.es/editor/#HOME"
}

@misc{ Bootswatch:original,
       author = "Thomas Park",
       title = "Bootswatch: themes for Bootstrap by Thomas Park",
       url = "https://bootswatch.com/"
}

@misc{ Bootstrap:original,
       author = "Bootstrap Team",
       title = "Bootstrap library",
       url = "https://getbootstrap.com/"
}

@misc{ Microsoft:hostingBundle,
       author = "Microsoft",
       title = "Hosting bundle for ASPNET Core environments",
       year = "2020",
       url = "https://learn.microsoft.com/en-us/aspnet/core/host-and-deploy/iis/hosting-bundle?view=aspnetcore-7.0"
}

@misc{ Microsoft:VisualStudio,
       author = "Microsoft",
       title = "Visual Studio --- Official Page",
       url = "https://visualstudio.microsoft.com/es/"
}

@misc{ Microsoft:SQLManagement,
       author = "Microsoft",
       title = "SQL Management Studio --- Download",
       url = "https://learn.microsoft.com/en-us/sql/ssms/download-sql-server-management-studio-ssms?view=sql-server-ver16"
}

@misc{ MVC:MVC,
       author = "CICESE",
       title = "Model View-Controller",
       url = "https://seguridad.cicese.mx/dutic/23/Porque-utilizar-Modelo-Vista-Controlador-%28MVC%29-en-tus-proyectos"
}







